@inproceedings{oppl,
title = {Embedding Knowledge Patterns into OWL},
author= {Luigi Iannone  and Alan Rector and Robert Stevens},
year=2009,
booktitle={European Semantic Web Conference (ESWC09)},
pages="218-232"
}



@article{owlapi,
  title={The OWL API: a Java API for working with OWL 2 ontologies},
  author={Horridge, M. and Bechhofer, S.},
  journal={Proc. of OWL Experiences and Directions},
  volume={2009},
  year={2009}
}

@inproceedings{ManMan09,
title={{A Solution for the Man-Man Problem in the Family History Knowledge Base}},
author={Dmitry Tsarkov and
Uli sattler and 
Margaret Stevens and
Robert Stevens},
year = 2009,
booktitle={Sixth International Workshop on OWL: Experiences and Directions 2009},
location={Chantilly, Virginia, USA},
pdf={http://www.webont.org/owled/2009/papers/owled2009_submission_32.pdf}
}

@Article{dl-safe,
  author = 	 {B. Motik and U. Sattler and R. Studer},
  title = 	 {Query Answering for {OWL-DL} with rules},
  journal = 	 {Journal of Web Semantics},
  year = 	 2005,
  volume = 	 3,
  number = 	 1,
  pages = 	 {41--60},
}

